<?xml version="1.0" encoding="UTF-8"?><collection xmlns="http://www.loc.gov/MARC21/slim"><record><leader>00486nam--2200169-u-4500</leader><controlfield tag="001">000054939</controlfield><controlfield tag="002">20161230</controlfield><controlfield tag="005">20161230201051</controlfield><controlfield tag="008">120706s1000------------r-----000-0-eng-d</controlfield><datafield ind1=" " ind2=" " tag="040"><subfield code="a">IFIN-HH</subfield></datafield><datafield ind1=" " ind2=" " tag="080"><subfield code="a">539.18</subfield></datafield><datafield ind1="1" ind2=" " tag="100"><subfield code="a">Hautala, Mikko</subfield></datafield><datafield ind1="1" ind2="0" tag="245"><subfield code="a">Theoretical and experimental studies on atomic collision phenomena and their consequences</subfield><subfield code="b">These</subfield><subfield code="c">Mikko hautala</subfield></datafield><datafield ind1=" " ind2=" " tag="260"><subfield code="a">Helsinki</subfield><subfield code="b">Univeristy</subfield><subfield code="c">1980</subfield></datafield><datafield ind1=" " ind2=" " tag="300"><subfield code="a">14P</subfield></datafield><datafield ind1=" " ind2=" " tag="852"><subfield code="a">70861</subfield><subfield code="c">539.18</subfield></datafield><datafield ind1=" " ind2=" " tag="CAT"><subfield code="a">Sys</subfield><subfield code="c">20120706</subfield><subfield code="h">145807</subfield></datafield></record></collection>